
@WEB{pat,
	    AUTHOR = "Pat Patterson",
	    TITLE = "A Simple Block Driver for Linux Kernel 2.6.31",
	    PUBLISHER = {Pat Patterson},
      URL = {http://blog.superpat.com/2010/05/04/a-simple-block-driver-for-linux-kernel-2-6-31/},
	    YEAR = 2010}
